<?xml version="1.0" encoding="UTF-8"?><record xmlns="http://www.loc.gov/MARC21/slim" xmlns:cinclude="http://apache.org/cocoon/include/1.0" xmlns:zs="http://www.loc.gov/zing/srw/">
  <leader>00473cz  a2200133n  4500</leader>
  <controlfield tag="001">n  80163262 </controlfield>
  <controlfield tag="003">DLC</controlfield>
  <controlfield tag="005">20090206080822.0</controlfield>
  <controlfield tag="008">801217n| acannaabn          |n aaa      </controlfield>
  <datafield tag="010" ind1=" " ind2=" ">
    <subfield code="a">n  80163262 </subfield>
    <subfield code="z">n  80007618 </subfield>
  </datafield>
  <datafield tag="035" ind1=" " ind2=" ">
    <subfield code="a">(OCoLC)oca00543068</subfield>
  </datafield>
  <datafield tag="040" ind1=" " ind2=" ">
    <subfield code="a">DLC</subfield>
    <subfield code="b">eng</subfield>
    <subfield code="c">DLC</subfield>
    <subfield code="d">OCoLC</subfield>
  </datafield>
  <datafield tag="100" ind1="1" ind2=" ">
    <subfield code="a">Joseph, Teresa</subfield>
  </datafield>
  <datafield tag="670" ind1=" " ind2=" ">
    <subfield code="a">Ḥusayn, I. Q. Biobibliography of Ismāʻīlī literature, c1977 (a.e.)</subfield>
    <subfield code="b">t.p. (Teresa Joseph; Gustave E. von Grunebaum Center for Near Eastern Studies, UCLA)</subfield>
  </datafield>
</record>